<?xml version='1.0'?>
<collection xmlns='http://www.loc.gov/MARC21/slim' xmlns:xsi='http://www.w3.org/2001/XMLSchema-instance' xsi:schemaLocation='http://www.loc.gov/MARC21/slim http://www.loc.gov/standards/marcxml/schema/MARC21slim.xsd'>
  <record>
    <leader>00000cem  2200529 i 4500</leader>
      <controlfield tag='007'>aj canzn</controlfield>
      <controlfield tag='008'>170530s2017    dcub      a  f  1   eng c</controlfield>
      <controlfield tag='001'>988328399</controlfield>
      <controlfield tag='003'>OCoLC</controlfield>
      <controlfield tag='005'>20171108112025.0</controlfield>
      <datafield ind1='1' ind2=' ' tag='034'>
        <subfield code='a'>a</subfield>
        <subfield code='b'>15000</subfield>
      </datafield>
      <datafield ind1=' ' ind2=' ' tag='035'>
        <subfield code='a'>(OCoLC)988328399</subfield>
      </datafield>
      <datafield ind1=' ' ind2=' ' tag='040'>
        <subfield code='a'>GPO</subfield>
        <subfield code='b'>eng</subfield>
        <subfield code='e'>rda</subfield>
        <subfield code='c'>GPO</subfield>
        <subfield code='d'>AZP</subfield>
        <subfield code='d'>HLS</subfield>
        <subfield code='d'>OCLCQ</subfield>
        <subfield code='d'>RIU</subfield>
      </datafield>
      <datafield ind1=' ' ind2=' ' tag='042'>
        <subfield code='a'>pcc</subfield>
      </datafield>
      <datafield ind1=' ' ind2=' ' tag='043'>
        <subfield code='a'>n-us-wv</subfield>
      </datafield>
      <datafield ind1='1' ind2='4' tag='050'>
        <subfield code='a'>G3792.H3 2017</subfield>
        <subfield code='b'>.U5</subfield>
      </datafield>
      <datafield ind1=' ' ind2=' ' tag='052'>
        <subfield code='a'>3792</subfield>
        <subfield code='b'>H3</subfield>
      </datafield>
      <datafield ind1=' ' ind2=' ' tag='052'>
        <subfield code='a'>3894</subfield>
        <subfield code='b'>H25</subfield>
      </datafield>
      <datafield ind1=' ' ind2=' ' tag='074'>
        <subfield code='a'>0650</subfield>
      </datafield>
      <datafield ind1='0' ind2=' ' tag='086'>
        <subfield code='a'>I 29.21:H 23/2017</subfield>
      </datafield>
      <datafield ind1='1' ind2=' ' tag='110'>
        <subfield code='a'>United States.</subfield>
        <subfield code='b'>National Park Service,</subfield>
        <subfield code='e'>cartographer.</subfield>
      </datafield>
      <datafield ind1='1' ind2='0' tag='245'>
        <subfield code='a'>Harpers Ferry, Harpers Ferry National Historical Park, West Virginia, Maryland, Virginia /</subfield>
        <subfield code='c'>National Park Service, U.S. Department of the Interior.</subfield>
      </datafield>
      <datafield ind1='1' ind2=' ' tag='246'>
        <subfield code='i'>Title in upper margin:</subfield>
        <subfield code='a'>Visiting Harpers Ferry National Historical Park</subfield>
      </datafield>
      <datafield ind1=' ' ind2=' ' tag='255'>
        <subfield code='a'>Scale approximately 1:15,000.</subfield>
      </datafield>
      <datafield ind1=' ' ind2='1' tag='264'>
        <subfield code='a'>[Washington, D.C.] :</subfield>
        <subfield code='b'>National Park Service, U.S. Department of the Interior,</subfield>
        <subfield code='c'>2017.</subfield>
      </datafield>
      <datafield ind1=' ' ind2=' ' tag='300'>
        <subfield code='a'>1 map :</subfield>
        <subfield code='b'>color ;</subfield>
        <subfield code='c'>42 x 57 cm, folded to 10 x 21 cm</subfield>
      </datafield>
      <datafield ind1=' ' ind2=' ' tag='336'>
        <subfield code='a'>cartographic image</subfield>
        <subfield code='b'>cri</subfield>
        <subfield code='2'>rdacontent</subfield>
      </datafield>
      <datafield ind1=' ' ind2=' ' tag='337'>
        <subfield code='a'>unmediated</subfield>
        <subfield code='b'>n</subfield>
        <subfield code='2'>rdamedia</subfield>
      </datafield>
      <datafield ind1=' ' ind2=' ' tag='338'>
        <subfield code='a'>sheet</subfield>
        <subfield code='b'>nb</subfield>
        <subfield code='2'>rdacarrier</subfield>
      </datafield>
      <datafield ind1=' ' ind2=' ' tag='500'>
        <subfield code='a'>Relief shown by shading.</subfield>
      </datafield>
      <datafield ind1=' ' ind2=' ' tag='500'>
        <subfield code='a'>Includes text and timeline.</subfield>
      </datafield>
      <datafield ind1=' ' ind2=' ' tag='500'>
        <subfield code='a'>Test, illustrations (some color), index to sites of interest, and bird&apos;s eye view map on verso.</subfield>
      </datafield>
      <datafield ind1=' ' ind2=' ' tag='500'>
        <subfield code='a'>Shipping list no.: 2017-0257-P.</subfield>
      </datafield>
      <datafield ind1='2' ind2='7' tag='610'>
        <subfield code='a'>Harpers Ferry National Historical Park (Agency : U.S.)</subfield>
        <subfield code='2'>fast</subfield>
        <subfield code='0'>(OCoLC)fst01729755</subfield>
      </datafield>
      <datafield ind1=' ' ind2='0' tag='651'>
        <subfield code='a'>Harpers Ferry National Historical Park</subfield>
        <subfield code='v'>Maps.</subfield>
      </datafield>
      <datafield ind1=' ' ind2='0' tag='651'>
        <subfield code='a'>Harpers Ferry (W. Va.)</subfield>
        <subfield code='v'>Maps.</subfield>
      </datafield>
      <datafield ind1=' ' ind2='0' tag='651'>
        <subfield code='a'>Harpers Ferry (W. Va.)</subfield>
        <subfield code='v'>Aerial views.</subfield>
      </datafield>
      <datafield ind1=' ' ind2='7' tag='651'>
        <subfield code='a'>West Virginia</subfield>
        <subfield code='z'>Harpers Ferry.</subfield>
        <subfield code='2'>fast</subfield>
        <subfield code='0'>(OCoLC)fst01212444</subfield>
      </datafield>
      <datafield ind1=' ' ind2='7' tag='655'>
        <subfield code='a'>Tourist maps.</subfield>
        <subfield code='2'>fast</subfield>
        <subfield code='0'>(OCoLC)fst01423809</subfield>
      </datafield>
      <datafield ind1=' ' ind2='7' tag='655'>
        <subfield code='a'>Aerial views.</subfield>
        <subfield code='2'>fast</subfield>
        <subfield code='0'>(OCoLC)fst01423687</subfield>
      </datafield>
      <datafield ind1=' ' ind2='7' tag='655'>
        <subfield code='a'>Maps.</subfield>
        <subfield code='2'>fast</subfield>
        <subfield code='0'>(OCoLC)fst01423704</subfield>
      </datafield>
      <datafield ind1=' ' ind2='7' tag='655'>
        <subfield code='a'>Tourist maps.</subfield>
        <subfield code='2'>lcgft</subfield>
      </datafield>
      <datafield ind1=' ' ind2='7' tag='655'>
        <subfield code='a'>Aerial views.</subfield>
        <subfield code='2'>lcgft</subfield>
      </datafield>
      <datafield ind1=' ' ind2=' ' tag='856'>
        <subfield code='3'>(paper)</subfield>
        <subfield code='u'>https://catalog.gpo.gov/fdlpdir/locate.jsp?ItemNumber=0650&amp;SYS=001018121</subfield>
      </datafield>
      <datafield ind1=' ' ind2=' ' tag='907'>
        <subfield code='a'>b8883180</subfield>
      </datafield>
      <datafield ind1='9' ind2='1' tag='999'>
        <subfield code='i'>i11406682</subfield>
        <subfield code='l'>dcpf</subfield>
        <subfield code='s'>-</subfield>
        <subfield code='t'>20</subfield>
        <subfield code='c'>1</subfield>
        <subfield code='o'>0</subfield>
        <subfield code='p'>0860#</subfield>
        <subfield code='q'>|aI 29.21:H 23/2017</subfield>
      </datafield>
      <datafield ind1='9' ind2='1' tag='999'>
        <subfield code='i'>i11493093</subfield>
        <subfield code='l'>dcpf</subfield>
        <subfield code='s'>-</subfield>
        <subfield code='t'>20</subfield>
        <subfield code='c'>1</subfield>
        <subfield code='o'>0</subfield>
        <subfield code='b'>00051684211</subfield>
        <subfield code='p'>0860#</subfield>
        <subfield code='q'>|aI 29.21:H 23/2017</subfield>
      </datafield>
      <datafield ind1='0' ind2='0' tag='999'>
        <subfield code='a'>2017-11-08 00:00:00-05</subfield>
        <subfield code='c'>2017-06-13 08:08:57-04</subfield>
        <subfield code='u'>2017-11-08 11:20:26-05</subfield>
      </datafield>
  </record>
</collection>
